@online{ellc-raum,
  author   = {Martin Raum},
  title    = {Elliptische Kurven},
  location = {http://www.matha.rwth-aachen.de/de/lehre/ws07/sft/v04mr.pdf},
  date     = {2007-11-12}
}
@online{elic-gentle,
  author   = {Andrea Corbellini},
  title    = {Elliptic Curve Cryptography: a gentle introduction}
  location = {https://andrea.corbellini.name/2015/05/17/elliptic-curve-cryptography-a-gentle-introduction/}
  date     = {2015-05-17}
}
